<?xml version="1.0" encoding="UTF-8"?><record xmlns="http://www.loc.gov/MARC21/slim" xmlns:cinclude="http://apache.org/cocoon/include/1.0" xmlns:zs="http://www.loc.gov/zing/srw/">
  <leader>00374nz  a2200121n  4500</leader>
  <controlfield tag="001">no 94020482 </controlfield>
  <controlfield tag="003">DLC</controlfield>
  <controlfield tag="005">19940616151238.8</controlfield>
  <controlfield tag="008">940616n| acannaab|          |n ana     c</controlfield>
  <datafield tag="010" ind1=" " ind2=" ">
    <subfield code="a">no 94020482 </subfield>
  </datafield>
  <datafield tag="040" ind1=" " ind2=" ">
    <subfield code="a">DGPO</subfield>
    <subfield code="c">DGPO</subfield>
  </datafield>
  <datafield tag="110" ind1="2" ind2="0">
    <subfield code="a">VICOR Associates</subfield>
  </datafield>
  <datafield tag="670" ind1=" " ind2=" ">
    <subfield code="a">Mekemson, J.R. Traffic models overview handbook [MI] 1993:</subfield>
    <subfield code="b">tech. rept. doc. p. (VICOR Associates, Inc.; Manassas, Va.)</subfield>
  </datafield>
</record>